@article{paper,
    author =       "Udo Adamy, Christoph Amb√ºhl, R. Sai Anand, Thomas Erlebach",
    title =        "Call Control in Rings",
    journal =      "Algorithmica",
    volume =       "47",
    pages =        "217--238",
    year =         "2007",
    DOI =          "http://dx.doi.org/10.1007/s00453-006-0187-4"
}
